@BOOK{manualpuc,
  organization = {Pontif\'icia Universidade Cat\'olica de Minas Gerais},
  title = {  Padrão  PUC Minas de Normalizaç\~ao},
  subtitle = {normas da \uppercase{ABNT} para apresentaç\~ao de teses, dissertaç\~oes,  monografias   e  trabalhos acad\^emicos},
  edition = {9},
  address = {rev. ampl. atual. Belo Horizonte},
  publisher = {PUC Minas},
  year = {2012},
  note = {Disponível em: <http://www.pucminas.br/biblioteca/>. Acesso em: 6 de set. 2013}
 }
 
 
  @BOOK{knuth,
   title = {The art of computer programming},
   publisher = {Addison-Wesley},
   year = {1968},
   author = {D. E. Knuth},
   volume = {Fundamental Algorithms},
   number = {16},
   edition = {16}
 }
 
 @inproceedings{dovzan:01,
   author = {Dejan Dovzan and Vito Logar and Igor Skrjanc},
   title = {Solving the sales prediction problem with fuzzy evolving methods},
   organization = {IEEE Congress on Evolutionary Computation, 1},
   conference-location  = {Brisbane},  
   conference-year = {2012},
   booktitle = {Proccedings...},
   year = {2012},
   address = {Washington},
   publisher = {IEEE},
   timestamp = {2012.11.12}
 }
 
 
 @BOOK{groupp,
   title = {Beowulf cluster computing with linux},
   publisher = {MIT Press},
   year = {2003},
   author = {W. Gropp},
   pages = {618},
   address = {Cambridge},
   edition = {2}
 }
 
 @ARTICLE{artigo01,
   author = {Edilberto P. Teixeira and Gilson Laforga},
   title = {An   analysis   of  some    neuro-fuzzy approaches for the control of nonlinear
 	systems},
   journal = {Ci\^encia \& Engenharia},
   year = {1995},
   volume = {4},
   pages = {7-12},
   number = {1},
   month = {jan./jun.},
   owner = {483193},
   publisher = {Uberl\^andia},
   timestamp = {2012.11.12}
 }
 
 @BOOK{hopeman,
   title = {An\'alise de sistemas e ger\^encia de operaç\~oes},
   publisher = {Vozes},
   year = {1974},
   author = {J. Richard},
   address = {Petrólis}
 }
 
 @INPROCEEDINGS{congresso,
     author={Antoniol, G. and Di Penta, M. and Harman, M.}, 
     booktitle={Proceedings... },
     organization = {International Symposium on Software Metrics, 10},
     conference-year = {2004},
     conference-location = {New York},
     title={A robust search-based approach to project management in the presence of abandonment, rework, error and uncertainty}, 
     address = {Washington},
     publisher = {IEEE Computer Society},
     year={2004}, 
     month={set.}, 
     volume={1}, 
     number={1}, 
     pages={ 172-183}
 } 
  
 @INBOOK{habermas,
   author = {Jürgen Habermas},
   title = {Trabalho e interação},
   subtitle = {notas sobre a filosofia do esp\'irito de \uppercase{H}egel em \uppercase{I}ena},
   organization = {HABERMAS, J. testando},
   booktitle = {T\'ecnica e ci\^encia como "ideologia"},
   publisher = {Ed. 70},
   pages = {163--211},
   year = {1997},
   address = {Lisboa}
 }
  
 @monography{monog-fabio,
 address={Guanhães},
 author={Fábio Leandro Rodrigues Cordeiro},
 pages={46\hspace{-0.1cm}},
 pagename={f.},
 school={Pontifícia Universidade Católica de Minas Gerais},
 title={Estudo comparativo   entre   plataforma monoprocessada e clustercomputing sobre as métricas de desempenho},
 type={Conclusão de curso},
 year={2010}
 }
 
 @phdthesis{tese,
 author={Lu\'is Fabr\'icio Wanderley G\'oes},
 title={Automatic Skeleton-Driven performance optimizations for transactional memory},
 address={Edinburgh},
 school={The University of Edinburgh},
 year={2012}
 }
 
 @BOOK{tela1,
   organization = {Engenharia de Sistemas de Conhecimento},
   title = {(ESC) Eletrocad m\'odulo altimetria. Vers\~ao 1},
   publisher = {Engenharia de Sistemas de Conhecimento},
   year = {2013}  
 }
 
 @INBOOK{cap-livro,
   author = {L. F. W. G\'oes and D. O. G. Neto and R. Ferreira  and W. Cirne},
   title = {Computaç\~ao em grade},
   subtitle = {Conceitos, Tecnologias,  Aplicações   e  Tend\^encias},
   organization = {L. F. W. G\'oes},
   chapter = {11},
   booktitle = {Escola Regional de Inform\'atica de Minas Gerais},  
   publisher = {ERI MG},
   pages = {40},
   year = {2005},
   address = {Belo Horizonte}
 }
 
 @BOOK{pmbok,
   organization = {Project Management Institute},
   title = {A Guide to the project management body of knowledge (PMBOK guides)},
   publisher = {Project Management},  
   address = {Pennsylvania},
   year = {2004},
  key = {{$\!\!$}}
 }
 
 @INBOOK{biblia,
   author = {EXODO},
   organization = {A B\'iblia:},
   publisher = {Paulinas, 2002},
   address = {traduç\~ao ecum\^enica. S\~ao Paulo}
 }
 
 @INBOOK{musica,
   author = {Jimmy Page and Robert Plant},
   title = {Going to California},
   organization = {Led Zeppelin},
   publisher = {Atlantic Records},
   year = {1971},
   address = {California}
 }
 
@thesis{mestrado,
  	   author = {Anna Izabel João Tostes Ribeiro},
  	   type = {Dissertação (Mestrado)},
  	   title = {Representações neural e fuzzy de controle de admissão de chamadas para redes   {E-UMTS}},
  	   school = {Pontifícia  Universidade Católica de Minas Gerais, Programa de Pós-graduação
  	  	em Informática, Belo Horizonte.},
  	   year = {2010} 
  }
  

 
 

Algoritmos em Grafos. http://www.cs.oberlin.edu/classes/dragn/labs/greedy/greedy0.html.

BFS. http://www.cs.oberlin.edu/classes/labs/graphs/graphs5.html.

BFS(2). http://www.cs.oberlin.edu/classes/dragn/labs/greedy/greedy1.html.

Bondy, J. (1976); Murty, U. Graph Theory With Applications, American Elsevier Publishing.

Brassard, Gilles. (1955); Bratley, Paul. Algorithmics: Theory and Practice, Prentice-Hall.

Cormen. Thomas (2000); Leiserson, Charles.; Rivest, Ronald. Introduction to Algorithmics, McGraw-Hill.

Euler, Leonhard (1736). Solutio Problematis ad Geometriam Situs Pertinentis, em Commentarii Academiae Scientiarum Imperialis Petropolitanae,
8, 128 – 140.

Grafos de Euler. http://www.ctl.ua.edu/math103/euler/historic.htm.

Kuan, M. K. (1962). Graphics Programming Using Odd or Even Points, em Chinese Mathematics, 1, 273 – 277.

Mamber, Udi (1989). Algorithmics: A Creative Approach, Addison-Wesley.

Russel, Stuart. (1985); Norvig, Peter. Artificial Intelligence: a Modern Approach, Prentice Hall.

CORMEN, Thomas H.; LEISERSON, Charles E.; RIVEST, Ronald L.; STEIN, Clifford.

Algoritmos: Teoria e Prática. 2ª ed. Rio de Janeiro: Elsevier, 2002. 916 páginas. 

BOAVENTURA NETTO, Paulo Osvaldo. Grafos: Teoria, Modelos e Algoritmos. 4.ed. São Paulo: E. Blücher, 2006.

CARMO, Maria Rita Rocha; BOAVENTURA NETTO, Paulo Oswaldo; PORTUGAL,
Licinio da Silva. Uma heurística interativa para geração de caminhos em grafos
com restrição de grau: aplicação ao projeto de sistemas metroviários. Pesquisa
Operacional, v. 22, n. 1, p. 9-36, jun. 2002.

SACHS, Horst; STIEBITZ, Michael; WILSON, Robin J.. An historical note: Euler’s Konisberg Letters. Journal of Graph Theory, vol. 12, n. 01, p. 133-139, 1988. 


Biggs, N.; Lloyd, E. and Wilson, R. (1986), Graph Theory, 1736-1936, Oxford University Press